% Bibliographie pour le mémoire PFE
% Utilisé avec biblatex

@article{egovernment_morocco_2020,
  title={E-Government Development in Morocco: Progress and Challenges},
  author={Benali, Ahmed and El Alami, Fatima},
  journal={International Journal of Public Administration and Digital Government},
  volume={7},
  number={2},
  pages={45--62},
  year={2020},
  publisher={IGI Global},
  doi={10.4018/IJPADG.2020070103}
}

@book{modern_web_development_2023,
  title={Modern Web Development with React and Node.js},
  author={Johnson, Michael and Brown, Sarah},
  publisher={O'Reilly Media},
  year={2023},
  edition={2nd},
  isbn={978-1492057543}
}

@inproceedings{municipal_services_digitalization_2019,
  title={Digital Transformation of Municipal Services: A Case Study Approach},
  author={Garcia, Maria and Schmidt, Hans},
  booktitle={Proceedings of the International Conference on Digital Government Research},
  pages={234--243},
  year={2019},
  organization={ACM},
  address={Dubai, UAE},
  doi={10.1145/3325112.3325234}
}

@techreport{mongodb_performance_2022,
  title={MongoDB Performance Best Practices},
  author={{MongoDB Inc.}},
  institution={MongoDB Inc.},
  year={2022},
  type={Technical Report},
  number={MDB-2022-001},
  url={https://docs.mongodb.com/manual/administration/production-notes/}
}

@article{react_architecture_patterns_2021,
  title={Architecture Patterns for Large-Scale React Applications},
  author={Chen, Li and Patel, Raj},
  journal={IEEE Software},
  volume={38},
  number={4},
  pages={42--49},
  year={2021},
  publisher={IEEE},
  doi={10.1109/MS.2021.3064108}
}

@book{nodejs_design_patterns_2020,
  title={Node.js Design Patterns: Design and Implement Production-grade Node.js Applications},
  author={Casciaro, Mario and Mammino, Luciano},
  publisher={Packt Publishing},
  year={2020},
  edition={3rd},
  isbn={978-1839214110}
}

@misc{who_accessibility_guidelines_2021,
  title={Web Content Accessibility Guidelines (WCAG) 2.1},
  author={{World Wide Web Consortium}},
  year={2021},
  howpublished={\url{https://www.w3.org/WAI/WCAG21/quickref/}},
  note={Consulté le 15 novembre 2024}
}

@inproceedings{appointment_systems_healthcare_2018,
  title={Design and Implementation of Online Appointment Booking Systems in Healthcare},
  author={Williams, David and Kumar, Anish},
  booktitle={International Conference on Healthcare Informatics},
  pages={145--152},
  year={2018},
  organization={IEEE},
  address={New York, USA}
}

@article{citizen_satisfaction_eservices_2019,
  title={Factors Affecting Citizen Satisfaction with E-Government Services},
  author={Al-Hujran, Omar and Al-dalahmeh, Masa'deh},
  journal={Electronic Government, an International Journal},
  volume={15},
  number={3},
  pages={293--312},
  year={2019},
  publisher={Inderscience Publishers}
}

@book{secure_web_development_2022,
  title={Secure Web Application Development: A Comprehensive Guide},
  author={Thompson, Robert and Lee, Jennifer},
  publisher={Wiley},
  year={2022},
  isbn={978-1119834571}
}

@misc{owasp_top_10_2021,
  title={OWASP Top 10 - 2021: The Ten Most Critical Web Application Security Risks},
  author={{OWASP Foundation}},
  year={2021},
  howpublished={\url{https://owasp.org/Top10/}},
  note={Consulté le 10 novembre 2024}
}

@article{agile_methodology_public_sector_2020,
  title={Agile Software Development in Public Sector Organizations},
  author={Nielsen, Peter and Mathiassen, Lars},
  journal={Information Systems Journal},
  volume={30},
  number={4},
  pages={725--747},
  year={2020},
  publisher={Wiley},
  doi={10.1111/isj.12277}
}

@conference{jwt_security_analysis_2019,
  title={Security Analysis of JSON Web Tokens in Modern Web Applications},
  author={Rodriguez, Carlos and Singh, Pradeep},
  booktitle={Proceedings of the Web Security Conference},
  year={2019},
  pages={89--96},
  address={Berlin, Germany}
}

@book{database_design_mongodb_2021,
  title={MongoDB Data Modeling and Schema Design},
  author={Banker, Kyle and Garrett, Douglas},
  publisher={Manning Publications},
  year={2021},
  isbn={978-1617295854}
}

@article{performance_testing_web_apps_2020,
  title={Performance Testing Strategies for Modern Web Applications},
  author={Jackson, Michael and Anderson, Lisa},
  journal={ACM Computing Surveys},
  volume={53},
  number={2},
  pages={1--35},
  year={2020},
  publisher={ACM},
  doi={10.1145/3379478}
}

@inproceedings{user_experience_government_portals_2018,
  title={User Experience Design for Government Digital Services},
  author={Miller, Sarah and Davis, John},
  booktitle={CHI Conference on Human Factors in Computing Systems},
  pages={1--12},
  year={2018},
  organization={ACM},
  address={Montreal, Canada}
}

@misc{gdpr_compliance_guide_2022,
  title={Guide to the General Data Protection Regulation (GDPR)},
  author={{Information Commissioner's Office}},
  year={2022},
  howpublished={\url{https://ico.org.uk/for-organisations/guide-to-data-protection/}},
  note={Consulté le 8 novembre 2024}
}

@article{email_notifications_effectiveness_2019,
  title={Effectiveness of Email Notifications in Digital Service Delivery},
  author={Taylor, Emma and Wilson, Mark},
  journal={Digital Government: Research and Practice},
  volume={1},
  number={2},
  pages={1--18},
  year={2019},
  publisher={ACM}
}

@book{responsive_web_design_2021,
  title={Responsive Web Design with HTML5 and CSS: Build Future-proof Websites},
  author={Hogan, Brian and others},
  publisher={Packt Publishing},
  year={2021},
  edition={4th},
  isbn={978-1839211560}
}

@inproceedings{api_design_best_practices_2020,
  title={RESTful API Design: Best Practices for Building Scalable Web Services},
  author={Kumar, Raj and Zhang, Wei},
  booktitle={International Conference on Web Services},
  pages={178--185},
  year={2020},
  organization={IEEE}
}

@article{cloud_deployment_strategies_2021,
  title={Cloud Deployment Strategies for Government Applications},
  author={Roberts, James and Kim, Soo-Jin},
  journal={IEEE Cloud Computing},
  volume={8},
  number={3},
  pages={34--42},
  year={2021},
  publisher={IEEE}
}

@book{testing_javascript_applications_2022,
  title={Testing JavaScript Applications: Unit, Integration, and End-to-End Testing},
  author={Dodds, Kent C.},
  publisher={Manning Publications},
  year={2022},
  isbn={978-1617297915}
}

@misc{mozilla_web_security_2023,
  title={Web Security Guidelines},
  author={{Mozilla Developer Network}},
  year={2023},
  howpublished={\url{https://developer.mozilla.org/en-US/docs/Web/Security}},
  note={Consulté le 12 novembre 2024}
}

@article{government_digital_transformation_africa_2020,
  title={Digital Transformation in African Government Services: Opportunities and Challenges},
  author={Okunola, Adekunle and Rowley, Jennifer},
  journal={Electronic Journal of e-Government},
  volume={18},
  number={1},
  pages={53--65},
  year={2020}
}

@conference{nginx_performance_optimization_2019,
  title={High-Performance Web Server Configuration with Nginx},
  author={Petrov, Ivan and Martinez, Carlos},
  booktitle={Web Performance Conference},
  year={2019},
  pages={45--52},
  address={Amsterdam, Netherlands}
}

@book{microservices_patterns_2021,
  title={Microservices Patterns: With Examples in Java},
  author={Richardson, Chris},
  publisher={Manning Publications},
  year={2021},
  isbn={978-1617294549}
}

@article{usability_testing_methods_2018,
  title={Comparative Analysis of Usability Testing Methods for Web Applications},
  author={Green, Alice and Foster, David},
  journal={International Journal of Human-Computer Studies},
  volume={119},
  pages={78--91},
  year={2018},
  publisher={Elsevier}
}

@techreport{iso_27001_implementation_2020,
  title={ISO/IEC 27001:2013 Information Security Management Implementation Guide},
  author={{International Organization for Standardization}},
  institution={ISO},
  year={2020},
  type={Technical Report},
  number={ISO/IEC 27001:2013}
}

@misc{vercel_deployment_guide_2023,
  title={Vercel Platform Documentation: Deployment and Configuration},
  author={{Vercel Inc.}},
  year={2023},
  howpublished={\url{https://vercel.com/docs}},
  note={Consulté le 20 novembre 2024}
}

@article{accessibility_government_websites_2021,
  title={Web Accessibility in Government Websites: A Systematic Review},
  author={Santos, Maria and Ferreira, João},
  journal={Universal Access in the Information Society},
  volume={20},
  number={2},
  pages={299--315},
  year={2021},
  publisher={Springer},
  doi={10.1007/s10209-020-00746-2}
}

@book{devops_handbook_2022,
  title={The DevOps Handbook: How to Create World-Class Agility, Reliability, and Security},
  author={Kim, Gene and Humble, Jez and Debois, Patrick and Willis, John},
  publisher={IT Revolution Press},
  year={2022},
  edition={2nd},
  isbn={978-1950508402}
}
